@online{gpt4,
	title = {{GPT}-4 Parameters Explained: Everything You Need to Know},
	url = {https://levelup.gitconnected.com/gpt-4-parameters-explained-everything-you-need-to-know-e210c20576ca},
	shorttitle = {{GPT}-4 Parameters Explained},
	abstract = {{GPT}-4 is the latest and most advanced language model developed by {OpenAI}, and it has been making headlines for its impressive capabilitiesâ€¦},
	titleaddon = {Medium},
	author = {Shevchuk, Vitalii},
	urldate = {2023-08-15},
	date = {2023-07-17},
	langid = {english},
}


@online{rust,
	title = {Rust Programming Language},
	url = {https://www.rust-lang.org/},
	abstract = {A language empowering everyone to build reliable and efficient software.},
	urldate = {2023-08-15},
	langid = {american},
	file = {Snapshot:/home/lquenti/oC/docs/Zotero/storage/KP6D26JQ/www.rust-lang.org.html:text/html},
}


@online{servo,
	title = {Servo, the parallel browser engine},
	url = {https://servo.org/},
	abstract = {Servo is an independent, modular, embeddable web rendering engine written in Rust},
	titleaddon = {Servo},
	author = {Developers, The Servo Project},
	urldate = {2023-08-15},
	langid = {english},
	file = {Snapshot:/home/lquenti/oC/docs/Zotero/storage/9N3WDSCX/servo.org.html:text/html},
}


@online{gaynor,
	title = {What science can tell us about C and C++'s security Â· Alex Gaynor},
  author = {Gaynor, Alex},
	url = {https://alexgaynor.net/2020/may/27/science-on-memory-unsafety-and-security/},
	urldate = {2023-08-15},
	file = {What science can tell us about C and C++'s security Â· Alex Gaynor:/home/lquenti/oC/docs/Zotero/storage/LFIIA98Q/science-on-memory-unsafety-and-security.html:text/html},
}


@online{androidmem,
	title = {Detecting Memory Corruption Bugs With {HWASan}},
	url = {https://android-developers.googleblog.com/2020/02/detecting-memory-corruption-bugs-with-hwasan.html},
	abstract = {News and insights on the Android platform, developer tools, and events.},
	titleaddon = {Android Developers Blog},
	urldate = {2023-08-15},
	langid = {english},
	file = {Snapshot:/home/lquenti/oC/docs/Zotero/storage/I3WCJQ3L/detecting-memory-corruption-bugs-with-hwasan.html:text/html},
}


@online{androidmem2,
	title = {Queue the Hardening Enhancements},
	url = {https://security.googleblog.com/2019/05/queue-hardening-enhancements.html},
	abstract = {Posted by Jeff Vander Stoep, Android Security \& Privacy Team and Chong Zhang, Android Media Team   [Cross-posted from the Android Develo...},
	titleaddon = {Google Online Security Blog},
	urldate = {2023-08-15},
	langid = {english},
	file = {Snapshot:/home/lquenti/oC/docs/Zotero/storage/32Y4XTCH/queue-hardening-enhancements.html:text/html},
}

@online{iosmem,
	title = {Memory Unsafety in Apple's Operating Systems},
	url = {https://langui.sh/2019/07/23/apple-memory-safety/},
	urldate = {2023-08-15},
	file = {Memory Unsafety in Apple's Operating Systems:/home/lquenti/oC/docs/Zotero/storage/LG9CZA7R/apple-memory-safety.html:text/html},
}

@online{chromemem,
	title = {Memory safety},
	url = {https://www.chromium.org/Home/chromium-security/memory-safety/},
	urldate = {2023-08-15},
	file = {Memory safety:/home/lquenti/oC/docs/Zotero/storage/UPJJS8QR/memory-safety.html:text/html},
}

@online{microsoftmem,
	title = {A proactive approach to more secure code {\textbar} {MSRC} Blog {\textbar} Microsoft Security Response Center},
	url = {https://msrc.microsoft.com/blog/2019/07/a-proactive-approach-to-more-secure-code/},
	urldate = {2023-08-15},
	file = {A proactive approach to more secure code | MSRC Blog | Microsoft Security Response Center:/home/lquenti/oC/docs/Zotero/storage/C4SS7ETX/a-proactive-approach-to-more-secure-code.html:text/html},
}

@online{ffmem,
	title = {Implications of Rewriting a Browser Component in Rust â€“ Mozilla Hacks - the Web developer blog},
	url = {https://hacks.mozilla.org/2019/02/rewriting-a-browser-component-in-rust},
	abstract = {Since our first release in 2002, there have been 69 security bugs in Firefoxâ€™s style component. If we'd had a time machine and could have written this component in Rust from the start, 51\% wouldn't have happened. That said, Rust is not foolproof. Developers still need to be aware of correctness bugs and data leakage attacks.},
	titleaddon = {Mozilla Hacks â€“ the Web developer blog},
	urldate = {2023-08-15},
	langid = {american},
	file = {Snapshot:/home/lquenti/oC/docs/Zotero/storage/YZ6JTBWC/rewriting-a-browser-component-in-rust.html:text/html},
}

@online{ubumem,
	title = {Some unofficial @{LazyFishBarrel} stats from @alex\_gaynor and myself: 65\% of {CVEs} behind the last six months of Ubuntu security updates to the Linux kernel have been memory unsafety.},
	url = {https://twitter.com/geofft/status/1132739184060489729},
	titleaddon = {Twitter},
	author = {{Geoffrey Thomas [@geofft]}},
	urldate = {2023-08-15},
	date = {2019-05-26},
	langid = {english},
	file = {Snapshot:/home/lquenti/oC/docs/Zotero/storage/4WDIMXNQ/1132739184060489729.html:text/html},
}


@online{awsrust,
	title = {Why {AWS} loves Rust, and how weâ€™d like to help {\textbar} {AWS} Open Source Blog},
	url = {https://aws.amazon.com/blogs/opensource/why-aws-loves-rust-and-how-wed-like-to-help/},
	urldate = {2023-08-15},
	date = {2020-11-24},
	langid = {american},
	note = {Section: Announcements},
	file = {Snapshot:/home/lquenti/oC/docs/Zotero/storage/M52YI6GU/why-aws-loves-rust-and-how-wed-like-to-help.html:text/html},
}


@online{googlerust,
	title = {Welcome to Comprehensive Rust  - Comprehensive Rust},
	url = {https://google.github.io/comprehensive-rust/},
	urldate = {2023-08-15},
	file = {Welcome to Comprehensive Rust ðŸ¦€ - Comprehensive Rust ðŸ¦€:/home/lquenti/oC/docs/Zotero/storage/ZGKL2ZS7/comprehensive-rust.html:text/html},
}


@online{metarust,
	title = {Programming languages endorsed for server-side use at Meta},
	url = {https://engineering.fb.com/2022/07/27/developer-tools/programming-languages-endorsed-for-server-side-use-at-meta/},
	abstract = {Supporting a programming language at Meta is a very careful and deliberate decision. Weâ€™re sharing our internal programming language guidance that helps our engineers and developers choose the bestâ€¦},
	titleaddon = {Engineering at Meta},
	urldate = {2023-08-15},
	date = {2022-07-27},
	langid = {american},
	file = {Snapshot:/home/lquenti/oC/docs/Zotero/storage/ZL68TL4Z/programming-languages-endorsed-for-server-side-use-at-meta.html:text/html},
}



@online{msftrust,
	title = {Microsoft Azure {CTO} Wants to Replace C and C++ With Rust {\textbar} The Software Report},
	url = {https://www.thesoftwarereport.com/microsoft-azure-cto-wants-to-replace-c-and-c-with-rust/},
	author = {{jirehl}},
	urldate = {2023-08-15},
	date = {2022-10-21},
	langid = {american},
}


@online{linuxrust,
	title = {Linus Torvalds says Rust is coming to the Linux kernel},
	url = {https://www.theregister.com/2022/06/23/linus_torvalds_rust_linux_kernel/},
	abstract = {Maintainer lack of familiarity won't be an issue, chief insists, citing his own bafflement when faced with Perl},
	author = {Claburn, Thomas},
	urldate = {2023-08-15},
	langid = {english},
	file = {Snapshot:/home/lquenti/oC/docs/Zotero/storage/SZNL353S/linus_torvalds_rust_linux_kernel.html:text/html},
}


@software{bindgen,
	title = {bindgen},
	rights = {{BSD}-3-Clause},
	url = {https://github.com/rust-lang/rust-bindgen},
	abstract = {Automatically generates Rust {FFI} bindings to C (and some C++) libraries.},
	publisher = {The Rust Programming Language},
	urldate = {2023-08-15},
	date = {2023-08-15},
	note = {original-date: 2016-06-22T15:05:51Z},
	keywords = {bindings, codegen, ffi},
}


@software{pyo3,
	title = {{PyO}3},
	url = {https://github.com/PyO3/pyo3},
	abstract = {Rust bindings for the Python interpreter},
	author = {{PyO3 Project and Contributors}},
	urldate = {2023-08-15},
	date = {2023-08-15},
	note = {original-date: 2017-05-13T05:22:06Z},
}



@online{null,
	title = {Null References: The Billion Dollar Mistake},
  author = {Hoare, Tony},
	url = {https://www.infoq.com/presentations/Null-References-The-Billion-Dollar-Mistake-Tony-Hoare/},
	urldate = {2023-08-28},
	file = {Null References\: The Billion Dollar Mistake:/home/lquenti/oC/docs/Zotero/storage/AD4WYMRS/Null-References-The-Billion-Dollar-Mistake-Tony-Hoare.html:text/html},
}


@online{sosurvey,
	title = {Stack Overflow Developer Survey 2023},
	url = {https://survey.stackoverflow.co/2023},
	abstract = {In May 2023 over 90,000 developers responded to our annual survey about how they learn and level up, which tools they're using, and which ones they want.},
	titleaddon = {Stack Overflow},
	urldate = {2023-08-28},
	langid = {english},
}


@online{benchstable,
	title = {When will benchmark testing be stable?},
	url = {https://users.rust-lang.org/t/when-will-benchmark-testing-be-stable/25482},
	titleaddon = {The Rust Programming Language Forum},
	urldate = {2023-08-28},
	date = {2019-02-20},
	langid = {english},
	file = {Snapshot:/home/lquenti/oC/docs/Zotero/storage/NYVEFDK4/25482.html:text/html},
}


@online{cargobench,
	title = {cargo bench - The Cargo Book},
	url = {https://doc.rust-lang.org/cargo/commands/cargo-bench.html},
	urldate = {2023-08-28},
	file = {cargo bench - The Cargo Book:/home/lquenti/oC/docs/Zotero/storage/CBTFCLFZ/cargo-bench.html:text/html},
}


@software{benchcmp,
	title = {cargo benchcmp},
	rights = {Unlicense},
	url = {https://github.com/BurntSushi/cargo-benchcmp},
	abstract = {A small utility to compare Rust micro-benchmarks.},
	author = {Gallant, Andrew},
	urldate = {2023-08-28},
	date = {2023-08-23},
	note = {original-date: 2016-02-15T01:05:58Z},
}


@online{criterion,
	title = {bheisler/criterion.rs: Statistics-driven benchmarking library for Rust},
	url = {https://github.com/bheisler/criterion.rs},
	urldate = {2023-08-28},
}


@online{blackbox,
	title = {black\_box in criterion - Rust},
	url = {https://docs.rs/criterion/latest/criterion/fn.black_box.html},
	urldate = {2023-08-28},
	file = {black_box in criterion - Rust:/home/lquenti/oC/docs/Zotero/storage/QEF52V6B/fn.black_box.html:text/html},
}


@online{gnuplot,
	title = {gnuplot homepage},
	url = {http://www.gnuplot.info/},
	urldate = {2023-08-28},
	file = {gnuplot homepage:/home/lquenti/oC/docs/Zotero/storage/BINC36S9/www.gnuplot.info.html:text/html},
}


@software{critcmp,
	title = {critcmp},
	rights = {Unlicense},
	url = {https://github.com/BurntSushi/critcmp},
	abstract = {A command line tool for comparing benchmarks run by Criterion.},
	author = {Gallant, Andrew},
	urldate = {2023-08-28},
	date = {2023-08-22},
	note = {original-date: 2018-09-18T21:42:02Z},
}


@software{hyperfine,
	title = {hyperfine},
	rights = {Apache-2.0},
	url = {https://github.com/sharkdp/hyperfine},
	abstract = {A command-line benchmarking tool},
	version = {1.16.1},
	author = {Peter, David},
	urldate = {2023-08-29},
	date = {2023-03},
	note = {original-date: 2018-01-13T15:49:54Z},
}

@online{kernel,
  title = {Documentation for /proc/sys/vm/},
  url = {https://www.kernel.org/doc/Documentation/sysctl/vm.txt},
  urldate = {2023-08-29}
}


@software{hyperfinescripts,
	title = {hyperfine visualization scripts},
	rights = {Apache-2.0},
	url = {https://github.com/sharkdp/hyperfine/tree/master/scripts},
	abstract = {A command-line benchmarking tool},
	version = {1.16.1},
	author = {Peter, David},
	urldate = {2023-08-29},
	date = {2023-03},
	note = {original-date: 2018-01-13T15:49:54Z},
}


@online{bounds_cookbook,
	title = {Shnatsel/bounds-check-cookbook: Recipes for avoiding bounds checks in Rust, without unsafe!},
	url = {https://github.com/Shnatsel/bounds-check-cookbook/},
	urldate = {2023-09-15},
	file = {Shnatsel/bounds-check-cookbook\: Recipes for avoiding bounds checks in Rust, without unsafe!:/home/lquenti/oC/docs/Zotero/storage/ZX8NXKIZ/bounds-check-cookbook.html:text/html},
}

@online{compilerexplorer,
	title = {Compiler Explorer},
	url = {https://godbolt.org/},
	abstract = {Compiler Explorer is an interactive online compiler which shows the assembly output of compiled C++, Rust, Go (and many more) code.},
	author = {Godbolt, Matt},
	urldate = {2023-09-16},
	date = {2023-01-24},
	langid = {english},
	file = {Snapshot:/home/lquenti/oC/docs/Zotero/storage/7RIUM9KX/godbolt.org.html:text/html},
}

@software{cargoshowasm,
	title = {cargo-show-asm},
	url = {https://github.com/pacak/cargo-show-asm},
	abstract = {cargo subcommand showing the assembly, {LLVM}-{IR} and {MIR} generated for Rust code},
	author = {pacak},
	urldate = {2023-09-16},
	date = {2023-09-15},
	note = {original-date: 2022-03-04T02:12:53Z},
	keywords = {assembly, cargo, cargo-plugin, cargo-subcommand, llvm-ir, optimization, rust},
}

@online{unroll,
	title = {Egor Larionov / unroll Â· {GitLab}},
	url = {https://gitlab.com/elrnv/unroll},
	abstract = {Loop unrolling procedural macro attribute for Rust.},
  author = {Larionov, Egor},
	urldate = {2023-09-16},
	date = {2022-06-06},
	langid = {english},
	file = {Snapshot:/home/lquenti/oC/docs/Zotero/storage/R2L5NW4K/unroll.html:text/html},
}

@online{inline,
	title = {Code generation - The Rust Reference},
	url = {https://doc.rust-lang.org/nightly/reference/attributes/codegen.html?#the-inline-attribute},
	urldate = {2023-09-16},
	file = {Code generation - The Rust Reference:/home/lquenti/oC/docs/Zotero/storage/XGE73Y25/codegen.html:text/html},
}

@online{perf,
	title = {Perf Wiki},
	url = {https://perf.wiki.kernel.org/index.php/Main_Page},
	urldate = {2023-09-16},
	file = {Perf Wiki:/home/lquenti/oC/docs/Zotero/storage/HEDIZPHF/Main_Page.html:text/html},
}

@online{cachegrind,
	title = {Cachegrind: a high-precision tracing profiler},
	url = {https://valgrind.org/docs/manual/cg-manual.html},
	urldate = {2023-09-16},
	file = {Valgrind:/home/lquenti/oC/docs/Zotero/storage/8YSDCUZT/cg-manual.html:text/html},
}

@online{profiling,
	title = {Profiling - The Rust Performance Book},
	url = {https://nnethercote.github.io/perf-book/profiling.html},
	urldate = {2023-09-16},
	file = {Profiling - The Rust Performance Book:/home/lquenti/oC/docs/Zotero/storage/GVXNQIF4/profiling.html:text/html},
}

@software{rustfilt,
	title = {luser/rustfilt},
	rights = {Apache-2.0},
	url = {https://github.com/luser/rustfilt},
	abstract = {Demangle Rust symbols},
	author = {Mielczarek, Ted},
	urldate = {2023-09-16},
	date = {2023-09-06},
	note = {original-date: 2016-05-13T17:00:31Z},
}


@software{flamegraph,
	title = {[cargo-]flamegraph},
	rights = {Apache-2.0},
	url = {https://github.com/flamegraph-rs/flamegraph},
	abstract = {Easy flamegraphs for Rust projects and everything else, without Perl or pipes {\textless}3},
	publisher = {flamegraph-rs},
	urldate = {2023-09-16},
	date = {2023-09-16},
	note = {original-date: 2019-03-07T16:31:30Z},
	keywords = {flamegraphs, perf, profiling},
}

@software{iai,
	title = {Iai},
	rights = {Apache-2.0},
	url = {https://github.com/bheisler/iai},
	abstract = {Experimental one-shot benchmarking/profiling harness for Rust},
	author = {Heisler, Brook},
	urldate = {2023-09-16},
	date = {2023-09-13},
	note = {original-date: 2021-01-02T20:54:31Z},
}

@online{llvmlto,
	title = {{LLVM} Link Time Optimization: Design and Implementation},
	url = {https://llvm.org/docs/LinkTimeOptimization.html},
	urldate = {2023-09-16},
	file = {LLVM Link Time Optimization\: Design and Implementation â€” LLVM 18.0.0git documentation:/home/lquenti/oC/docs/Zotero/storage/5MBG4GZ6/LinkTimeOptimization.html:text/html},
}

@online{pgo,
	title = {Exploring {PGO} for the Rust compiler {\textbar} Inside Rust Blog},
	url = {https://blog.rust-lang.org/inside-rust/2020/11/11/exploring-pgo-for-the-rust-compiler.html},
	abstract = {Want to follow along with Rust development? Curious how you might get involved? Take a look!},
	urldate = {2023-09-16},
	langid = {english},
	file = {Snapshot:/home/lquenti/oC/docs/Zotero/storage/QA9P7HC8/exploring-pgo-for-the-rust-compiler.html:text/html},
}
